@inproceedings{amr,
	address = {Sofia, Bulgaria},
	title = {Abstract {M}eaning {R}epresentation for sembanking},
	booktitle = {Proc. of the 7th Linguistic Annotation Workshop and Interoperability with Discourse},
	author = {Banarescu, Laura and Bonial, Claire and Cai, Shu and Georgescu, Madalina and Griffitt, Kira and Hermjakob, Ulf and Knight, Kevin and Koehn, Philipp and Palmer, Martha and Schneider, Nathan},
	month = aug,
	year = {2013},
	pages = {178--186}
}

@misc{amr-guidelines,
	title = {Abstract {M}eaning {R}epresentation ({AMR}) 1.2.2 {S}pecification},
	url = {https://github.com/amrisi/amr-guidelines/blob/c9b899b38f881143887d450be8a8482f810f4942/amr.md},
	author = {Banarescu, Laura and Bonial, Claire and Cai, Shu and Georgescu, Madalina and Griffitt, Kira and Hermjakob, Ulf and Knight, Kevin and Koehn, Philipp and Palmer, Martha and Schneider, Nathan},
	month = sep,
	year = {2015}
}


@inproceedings{schneider-15,
	address = {Denver, Colorado, {USA}},
	title = {A hierarchy with, of, and for preposition supersenses},
	booktitle = {Proc. of The 9th Linguistic Annotation Workshop},
	author = {Schneider, Nathan and Srikumar, Vivek and Hwang, Jena D. and Palmer, Martha},
	month = jun,
	year = {2015},
	pages = {112--123}
}

@inproceedings{schneider-16,
	address = {Berlin, Germany},
	title = {A corpus of preposition supersenses},
	booktitle = {Proc. of {LAW} X -- the 10th Linguistic Annotation Workshop},
	author = {Schneider, Nathan and Hwang, Jena D. and Srikumar, Vivek and Green, Meredith and Suresh, Abhijit and Conger, Kathryn and {O'Gorman}, Tim and Palmer, Martha},
	month = aug,
	year = {2016},
	pages = {99--109}
}

@article{hwang-17,
	title = {Coping with construals in broad-coverage semantic annotation of adpositions},
	url = {http://arxiv.org/abs/1703.03771},
	journal = {{arXiv}:1703.03771 [{cs.CL}]},
	author = {Hwang, Jena D. and Bhatia, Archna and Han, {Na-Rae} and {O'Gorman}, Tim and Srikumar, Vivek and Schneider, Nathan},
	month = mar,
	year = {2017},
	note = {{arXiv}: 1703.03771}
}

@article{verbnet,
	title = {A large-scale classification of {E}nglish verbs},
	volume = {42},
	number = {1},
	journal = {Language Resources and Evaluation},
	author = {Kipper, Karin and Korhonen, Anna and Ryant, Neville and Palmer, Martha},
	month = mar,
	year = {2008},
	pages = {21--40}
},

@incollection{palmer-17,
	title = {{VerbNet}: {C}apturing {E}nglish verb behavior, meaning, and usage},
	booktitle = {The Oxford Handbook of Cognitive Science},
	author = {Palmer, Martha and Bonial, Claire and Hwang, Jena},
	editor = {Chipman, Susan E. F.},
	month = oct,
	year = {2017}
}


@article{srikumar-13,
	title = {Modeling semantic relations expressed by prepositions},
	volume = {1},
	journal = {Transactions of the Association for Computational Linguistics},
	author = {Srikumar, Vivek and Roth, Dan},
	month = may,
	year = {2013},
	pages = {231--242}
},

@techreport{srikumar-13-inventory,
	title = {An inventory of preposition relations},
	url = {http://arxiv.org/abs/1305.5785},
	number = {{arXiv}:1305.5785},
	author = {Srikumar, Vivek and Roth, Dan},
	month = may,
	year = {2013}
}

@book{schmid-00,
	title = {English abstract nouns as conceptual shells: {F}rom corpus to cognition},
	publisher = {Walter de Gruyter},
	author = {Schmid, {Hans-J}\"{o}rg},
	month = jan,
	year = {2000}
}

@incollection{talmy-96,
	address = {Cambridge, {MA}},
	title = {Fictive motion in language and ``ception''},
	booktitle = {Language and Space},
	publisher = {{MIT} Press},
	author = {Talmy, Leonard},
	editor = {Bloom, Paul and Peterson, Mary A. and Lynn, Nadel and Garrett, Merrill F.},
	year = {1996},
	pages = {211--276}
}

@book{yadurajan-01,
	address = {Oxford, {UK}},
	title = {Current {E}nglish: a guide for the user of {E}nglish in {I}ndia},
	publisher = {Oxford University Press},
	author = {Yadurajan, K. S.},
	month = aug,
	year = {2001}
}

@inproceedings{chang-98,
	address = {Madison, {WI}, {USA}},
	title = {A dynamic model of aspectual composition},
	booktitle = {Proc. of {CogSci}},
	author = {Chang, Nancy and Gildea, Daniel and Narayanan, Srini},
	editor = {Gernsbacher, Morton Ann and Derry, Sharon J.},
	month = aug,
	year = {1998},
	pages = {226--231}
}
